<?xml version="1.0" encoding="UTF-8"?><collection xmlns="http://www.loc.gov/MARC21/slim"><record><leader>00371nam--2200121-i-4500</leader><controlfield tag="001">000033731</controlfield><controlfield tag="002">20161230</controlfield><controlfield tag="005">20161230201039</controlfield><controlfield tag="008">060222s1000------------r-----000-0-eng-d</controlfield><datafield ind1=" " ind2=" " tag="100"><subfield code="a">Neiman, M.S</subfield></datafield><datafield ind1=" " ind2=" " tag="245"><subfield code="a">Ultrahochfrequenz-generatoren mit trioden und tetroden. ubersetzung und erganzung von neidhardt</subfield></datafield><datafield ind1=" " ind2=" " tag="260"><subfield code="a">Berlin, Veb Verlag Technik, 1956. 420p.+fig</subfield></datafield><datafield ind1=" " ind2=" " tag="852"><subfield code="a">11676</subfield></datafield></record></collection>